@inproceedings{deCampos09,
  author    = "de Campos, T.~E. and Babu, B.~R. and Varma, M.",
  title     = "Character recognition in natural images",
  booktitle = "Proceedings of the International Conference on Computer
  Vision Theory and Applications, Lisbon, Portugal",
  month     = "February",
  year      = "2009",
}
    
